<?xml version="1.0" encoding="UTF-8"?><collection xmlns="http://www.loc.gov/MARC21/slim"><record><leader>00703nam--2200229-u-4500</leader><controlfield tag="001">000050429</controlfield><controlfield tag="002">20161230</controlfield><controlfield tag="003">81854</controlfield><controlfield tag="005">20161230201048</controlfield><controlfield tag="008">070322s1000------------r-----000-0-eng-d</controlfield><datafield ind1=" " ind2=" " tag="020"><subfield code="a">0387989633</subfield></datafield><datafield ind1=" " ind2=" " tag="040"><subfield code="a">IFIN-HH</subfield></datafield><datafield ind1=" " ind2=" " tag="080"><subfield code="a">512.81(091)</subfield></datafield><datafield ind1="1" ind2=" " tag="100"><subfield code="a">Hawkins,Thomas</subfield></datafield><datafield ind1="1" ind2="0" tag="245"><subfield code="a">Emergence of the Theory of Lie Groups</subfield><subfield code="b">An Essay in the History of Mathematics 1869-1926</subfield><subfield code="c">Thomas Hawkins</subfield></datafield><datafield ind1=" " ind2=" " tag="260"><subfield code="a">Berlin</subfield><subfield code="b">Springer-Verlag</subfield><subfield code="c">2000</subfield></datafield><datafield ind1=" " ind2=" " tag="300"><subfield code="a">564p</subfield></datafield><datafield ind1=" " ind2=" " tag="490"><subfield code="a">Sources and Studies in the History of Mathematics and Physical Sciences</subfield></datafield><datafield ind1=" " ind2=" " tag="504"><subfield code="a">Includes Index. With 50 Illustratiions</subfield></datafield><datafield ind1=" " ind2="4" tag="650"><subfield code="a">Lie Groups</subfield></datafield><datafield ind1=" " ind2=" " tag="852"><subfield code="a">81854</subfield><subfield code="c">519.4/5</subfield></datafield><datafield ind1=" " ind2=" " tag="CAT"><subfield code="a">Sys</subfield><subfield code="c">20110314</subfield><subfield code="h">142524</subfield></datafield></record></collection>